%% This BibTeX bibliography file was created using BibDesk.
%% http://bibdesk.sourceforge.net/

%% Created for Prince Sandhu at 2016-11-13 20:44:23 -0500 


%% Saved with string encoding Unicode (UTF-8) 



@article{ParnasAndClements1986,
	Author = {David L. Parnas and P.C. Clements},
	Date-Added = {2016-11-14 01:35:35 +0000},
	Date-Modified = {2016-11-14 01:36:55 +0000},
	Journal = {IEEE Transactions on Software Engineering},
	Number = {2},
	Pages = {251-257},
	Title = {A Rational Design Process: How and Why to Fake it},
	Volume = {12},
	Year = {February 1986}}

@book{RobertsonAndRobertson2012,
	Author = {James Robertson and Suzanne Robertson},
	Date-Added = {2016-11-14 01:34:42 +0000},
	Date-Modified = {2016-11-14 01:35:33 +0000},
	Edition = {16},
	Publisher = {Atlantic Systems Guild Limited},
	Title = {Volere Requirements Specification Template},
	Year = {2012}}

@inproceedings{ParnasEtAl1984,
	Author = {D.L. Parnas and P.C. Clement and D. M. Weiss},
	Booktitle = {International Conference on Software Engineering},
	Date-Added = {2016-11-14 01:33:16 +0000},
	Date-Modified = {2016-11-14 01:34:39 +0000},
	Pages = {408-419},
	Title = {The modular structure of complex systems},
	Year = {1984}}

@article{Parnas1972a,
	Author = {David L. Parnas},
	Date-Added = {2016-11-14 01:32:08 +0000},
	Date-Modified = {2016-11-14 01:33:13 +0000},
	Journal = {Comm. ACM},
	Month = {December},
	Number = {2},
	Pages = {1053--1058},
	Title = {On the Criteria To Be Used in Decomposing Systems into Modules},
	Volume = {15},
	Year = {1972}}

@inproceedings{Parnas1978,
	Address = {Piscataway, NJ, USA},
	Author = {David L. Parnas},
	Booktitle = {ICSE '78: Proceedings of the 3rd international conference on Software engineering},
	Date-Added = {2016-11-14 01:27:33 +0000},
	Date-Modified = {2016-11-14 01:32:03 +0000},
	Pages = {264--277},
	Publisher = {IEEE Press},
	Title = {Designing Software for Ease of Extension and Contraction},
	Year = {1978}}
